@mastersthesis{Sefidgar2015,
    type = {Interdisziplinäres Projekt},
    author = {Sefidgar, Seyed Reza},
    title = {{Enhancement and Adaption of a didactic Concept to the Presentation of Spanning Tree Algorithms in a Web Application}},
    year = {2015},
    school = {Technische Universität München}
}
@mastersthesis{Stotz2013,
    type = {Interdisziplinäres Projekt},
    author = {Stotz, Richard},
    title = {{Entwicklung und Implementierung eines didaktischen Konzepts zur Veranschaulichung verschiedener Graphalgorithmen zum Einsatz in der gymnasialen Oberstufe}},
    year = {2013},
    school = {Technische Universität München}
}
@mastersthesis{Velden2014,
    type = {Interdisziplinäres Projekt},
    author = {Velden, Lisa},
    title = {{Entwicklung und Implementierung eines didaktischen Konzepts für die Wissenskontrolle zu verschiedenen Graphenalgorithmen zum Einsatz in der gymnasialen Oberstufe}},
    subtitle = {Dijkstra- und A*-Algorithmus},
    year = {2014},
    school = {Technische Universität München}
}